<?xml version="1.0" encoding="UTF-8"?>
<Document xmlns="urn:iso:std:iso:20022:tech:xsd:pain.001.001.03"
          xmlns:xsi="http://www.w3.org/2001/XMLSchema-instance"
          xsi:schemaLocation="urn:iso:std:iso:20022:tech:xsd:pain.001.001.03 pain.001.001.03.xsd">
    <CstmrCdtTrfInitn>
        <GrpHdr>
            <MsgId>MSGID20250919001</MsgId>
            <CreDtTm>2025-09-19T10:00:00</CreDtTm>
            <NbOfTxs>1</NbOfTxs>
            <CtrlSum>1000.00</CtrlSum>
            <InitgPty>
                <Nm>Originator Company Ltd</Nm>
                <Id>
                    <OrgId>
                        <AnyBIC>BICCOMLTD</AnyBIC>
                    </OrgId>
                </Id>
            </InitgPty>
        </GrpHdr>
        <PmtInf>
            <PmtInfId>PMTINFID001</PmtInfId>
            <PmtMtd>TRF</PmtMtd>
            <ReqdExctnDt>2025-09-20</ReqdExctnDt>
            <Dbtr>
                <Nm>Debtor Account Holder</Nm>
                <PstlAdr>
                    <StrtNm>Main Street</StrtNm>
                    <BldgNb>123</BldgNb>
                    <PstCd>12345</PstCd>
                    <TwnNm>Cityville</TwnNm>
                    <Ctry>US</Ctry>
                </PstlAdr>
            </Dbtr>
            <DbtrAcct>
                <Id>
                    <IBAN>US12345678901234567890</IBAN>
                </Id>
                <Ccy>USD</Ccy>
            </DbtrAcct>
            <DbtrAgt>
                <FinInstnId>
                    <BICFI>DEBTUS33</BICFI>
                </FinInstnId>
            </DbtrAgt>
            <CdtTrfTxInf>
                <PmtId>
                    <EndToEndId>E2EID001</EndToEndId>
                </PmtId>
                <Amt>
                    <InstdAmt Ccy="USD">1000.00</InstdAmt>
                </Amt>
                <CdtrAgt>
                    <FinInstnId>
                        <BICFI>CREDITUS44</BICFI>
                    </FinInstnId>
                </CdtrAgt>
                <Cdtr>
                    <Nm>Creditor Recipient</Nm>
                </Cdtr>
                <CdtrAcct>
                    <Id>
                        <IBAN>US09876543210987654321</IBAN>
                    </Id>
                    <Ccy>USD</Ccy>
                </CdtrAcct>
                <RmtInf>
                    <Ustrd>Invoice 12345 for services rendered</Ustrd>
                </RmtInf>
            </CdtTrfTxInf>
        </PmtInf>
    </CstmrCdtTrfInitn>
</Document>